<?xml version="1.0" encoding="UTF-8"?><collection xmlns="http://www.loc.gov/MARC21/slim"><record><leader>00620nam--2200205-u-4500</leader><controlfield tag="001">000055899</controlfield><controlfield tag="002">20161230</controlfield><controlfield tag="005">20161230201052</controlfield><controlfield tag="008">130814s1000------------r-----000-0-rus-d</controlfield><datafield ind1=" " ind2=" " tag="040"><subfield code="a">IFIN-HH</subfield></datafield><datafield ind1=" " ind2=" " tag="041"><subfield code="a">rus</subfield></datafield><datafield ind1=" " ind2=" " tag="080"><subfield code="a">519.688=03.20=82</subfield></datafield><datafield ind1="1" ind2=" " tag="100"><subfield code="a">Reingold, Edward M</subfield></datafield><datafield ind1="1" ind2="0" tag="245"><subfield code="a">Kombinatornie algoritmi</subfield><subfield code="b">Teoria i praktika</subfield><subfield code="c">Edward m. reingold, jurg nievergelt, narsingh deo</subfield></datafield><datafield ind1=" " ind2=" " tag="260"><subfield code="a">Moskva</subfield><subfield code="b">Mir</subfield><subfield code="c">1980</subfield></datafield><datafield ind1=" " ind2=" " tag="300"><subfield code="a">476P</subfield></datafield><datafield ind1=" " ind2=" " tag="500"><subfield code="a">Titlul Original In Limba Engleza: Combinatorial Algorithms Theory And Practice</subfield></datafield><datafield ind1="1" ind2=" " tag="700"><subfield code="a">Deo, Narsingh</subfield></datafield><datafield ind1=" " ind2=" " tag="852"><subfield code="a">48977</subfield><subfield code="c">519.4/5</subfield></datafield><datafield ind1=" " ind2=" " tag="CAT"><subfield code="a">Sys</subfield><subfield code="c">20130814</subfield><subfield code="h">153908</subfield></datafield></record></collection>